<?xml version="1.0" encoding="UTF-8" ?>
<collection xmlns:xsi="http://www.w3.org/2001/XMLSchema-instance"
    xsi:schemaLocation="http://www.loc.gov/MARC21/slim
        http://www.loc.gov/standards/marcxml/schema/MARC21slim.xsd"
    xmlns="http://www.loc.gov/MARC21/slim">
<record>
  <leader>00322cam a2200649 i 4500</leader>
  <controlfield tag="001">b12702493</controlfield>
  <controlfield tag="003">LeBAU</controlfield>
  <controlfield tag="005">20170814</controlfield>
  <controlfield tag="008">971007s1946    sy bf         ||0 0 ara d</controlfield>
  <datafield tag="035" ind1=" " ind2=" ">
    <subfield code="a">ocn784469439</subfield>
  </datafield>
  <datafield tag="040" ind1=" " ind2=" ">
    <subfield code="a">LEAUB</subfield>
    <subfield code="b">ara</subfield>
    <subfield code="e">rda</subfield>
    <subfield code="c">LEAUB</subfield>
    <subfield code="d">LEAUB</subfield>
  </datafield>
  <datafield tag="041" ind1="1" ind2=" ">
    <subfield code="a">ara</subfield>
    <subfield code="h">eng</subfield>
  </datafield>
  <datafield tag="082" ind1="0" ind2="4">
    <subfield code="a">956.9</subfield>
    <subfield code="2">22</subfield>
  </datafield>
  <datafield tag="100" ind1="1" ind2=" ">
    <subfield code="6">880-01</subfield>
    <subfield code="a">Antonius, George,</subfield>
    <subfield code="e">author.</subfield>
  </datafield>
  <datafield tag="240" ind1="1" ind2="0">
    <subfield code="a">Arab awakening.</subfield>
    <subfield code="l">Arabic</subfield>
  </datafield>
  <datafield tag="245" ind1="1" ind2="0">
    <subfield code="6">880-02</subfield>
    <subfield code="a">Yaqaẓat al-‘Arab /</subfield>
    <subfield code="c">Jūrj Anṭūniyūs ; ta‘rīb ‘Alī Ḥaydar al-Rikābī.</subfield>
  </datafield>
  <datafield tag="264" ind1=" " ind2="1">
    <subfield code="6">880-03</subfield>
    <subfield code="a">Dimashq :</subfield>
    <subfield code="b">Maṭbaʻat al-Taraqqī,</subfield>
    <subfield code="c">1365 [H.] = 1946 [M.]</subfield>
  </datafield>
  <datafield tag="300" ind1=" " ind2=" ">
    <subfield code="6">880-04</subfield>
    <subfield code="a">463 pages, 5 unnumbered leaves of plates :</subfield>
    <subfield code="b">folded color maps ;</subfield>
    <subfield code="c">19 cm</subfield>
  </datafield>
  <datafield tag="336" ind1=" " ind2=" ">
    <subfield code="a">text</subfield>
    <subfield code="b">txt</subfield>
    <subfield code="2">rdacontent</subfield>
  </datafield>
  <datafield tag="336" ind1=" " ind2=" ">
    <subfield code="a">cartographic image</subfield>
    <subfield code="b">cri</subfield>
    <subfield code="2">rdacontent</subfield>
  </datafield>
  <datafield tag="337" ind1=" " ind2=" ">
    <subfield code="a">unmediated</subfield>
    <subfield code="b">n</subfield>
    <subfield code="2">rdamedia</subfield>
  </datafield>
  <datafield tag="338" ind1=" " ind2=" ">
    <subfield code="a">volume</subfield>
    <subfield code="b">nc</subfield>
    <subfield code="2">rdacarrier</subfield>
  </datafield>
  <datafield tag="650" ind1=" " ind2="4">
    <subfield code="a">الحرب العالمية، 1914-1918</subfield>
    <subfield code="z">البلدان العربية.</subfield>
  </datafield>
  <datafield tag="650" ind1=" " ind2="4">
    <subfield code="a">الوحدة العربية.</subfield>
  </datafield>
  <datafield tag="650" ind1=" " ind2="4">
    <subfield code="a">القومية</subfield>
    <subfield code="z">البلدان العربية</subfield>
    <subfield code="x">تاريخ</subfield>
    <subfield code="y">القرن العشرون.</subfield>
  </datafield>
  <datafield tag="650" ind1=" " ind2="0">
    <subfield code="a">World War, 1914-1918</subfield>
    <subfield code="z">Arab countries.</subfield>
  </datafield>
  <datafield tag="650" ind1=" " ind2="0">
    <subfield code="a">Panarabism.</subfield>
  </datafield>
  <datafield tag="650" ind1=" " ind2="0">
    <subfield code="a">Nationalism</subfield>
    <subfield code="z">Arab countries</subfield>
    <subfield code="x">History</subfield>
    <subfield code="y">20th century.</subfield>
  </datafield>
  <datafield tag="651" ind1=" " ind2="4">
    <subfield code="a">البلدان العربية</subfield>
    <subfield code="x">تاريخ</subfield>
    <subfield code="y">القرن العشرون.</subfield>
  </datafield>
  <datafield tag="651" ind1=" " ind2="4">
    <subfield code="a">البلدان العربية</subfield>
    <subfield code="x">السياسة والحكومة</subfield>
    <subfield code="y">القرن العشرون.</subfield>
  </datafield>
  <datafield tag="651" ind1=" " ind2="0">
    <subfield code="a">Arab countries</subfield>
    <subfield code="x">History</subfield>
    <subfield code="y">20th century.</subfield>
  </datafield>
  <datafield tag="651" ind1=" " ind2="0">
    <subfield code="a">Arab countries</subfield>
    <subfield code="x">Politics and government</subfield>
    <subfield code="y">20th century.</subfield>
  </datafield>
  <datafield tag="700" ind1="1" ind2=" ">
    <subfield code="6">880-05</subfield>
    <subfield code="a">Rikābī, ‘Alī Ḥaydar,</subfield>
    <subfield code="e">translator.</subfield>
  </datafield>
  <datafield tag="765" ind1="0" ind2=" ">
    <subfield code="6">880-06</subfield>
    <subfield code="i">Translation of:</subfield>
    <subfield code="t">Arab awakening : the story of the Arab National movement.</subfield>
    <subfield code="d">New York : J.B. Lippincott, 1939</subfield>
    <subfield code="w">(OCoLC)00359649</subfield>
    <subfield code="w">(OCoLC)00359649</subfield>
  </datafield>
  <datafield tag="765" ind1="0" ind2=" ">
    <subfield code="6">880-07</subfield>
    <subfield code="i">Translation of:</subfield>
    <subfield code="t">Arab awakening : the story of the Arab National movement.</subfield>
    <subfield code="d">Beirut : Khayats, [1938]</subfield>
    <subfield code="w">(OCoLC)318937085</subfield>
    <subfield code="w">(OCoLC)318937085</subfield>
  </datafield>
  <datafield tag="765" ind1="0" ind2=" ">
    <subfield code="6">880-08</subfield>
    <subfield code="i">Translation of:</subfield>
    <subfield code="t">Arab awakening : the story of the Arab National movement.</subfield>
    <subfield code="d">London : Hamish Hamilton, 1938, repr.1945</subfield>
    <subfield code="w">(OCoLC)07549762</subfield>
    <subfield code="w">(OCoLC)07549762</subfield>
  </datafield>
  <datafield tag="765" ind1="0" ind2=" ">
    <subfield code="6">880-09</subfield>
    <subfield code="i">Translation of:</subfield>
    <subfield code="t">Arab awakening : the story of the Arab National movement.</subfield>
    <subfield code="d">Beirut : Khayat's College Book Cooperative, 1938, repr. 1955</subfield>
    <subfield code="w">(OCoLC)03945466</subfield>
    <subfield code="w">(OCoLC)03945466</subfield>
  </datafield>
  <datafield tag="775" ind1="0" ind2=" ">
    <subfield code="6">880-10</subfield>
    <subfield code="t">Yaqaẓat al-‘Arab: tārīkh ḥarakat al-‘Arab al-qawmīyah.</subfield>
    <subfield code="b">al-Ṭab‘ah al-ūlá.</subfield>
    <subfield code="d">Bayrūt : Dār al-‘Ilm lil-Malāyīn, 1962</subfield>
    <subfield code="w">b12702481</subfield>
    <subfield code="w">b12702481</subfield>
  </datafield>
  <datafield tag="775" ind1="0" ind2=" ">
    <subfield code="6">880-11</subfield>
    <subfield code="t">Yaqaẓat al-‘Arab: tārīkh ḥarakat al-‘Arab al-qawmīyah.</subfield>
    <subfield code="b">al-Ṭab‘ah al-thānīyah</subfield>
    <subfield code="d">Bayrūt : Dār al-‘Ilm lil-Malāyīn, 1966</subfield>
    <subfield code="w">b18383580</subfield>
  </datafield>
  <datafield tag="852" ind1=" " ind2=" ">
    <subfield code="a">Jafet Library</subfield>
    <subfield code="e">American University of Beirut, Bliss Street , Beirut, Lebanon.</subfield>
  </datafield>
  <datafield tag="852" ind1=" " ind2=" ">
    <subfield code="a">Jafet Archives and Special Collections</subfield>
    <subfield code="e">American University of Beirut, Bliss Street, Beirut, ‎Lebanon.‎</subfield>
  </datafield>
  <datafield tag="880" ind1="1" ind2=" ">
    <subfield code="6">100-01/(3/r</subfield>
    <subfield code="a">انطونيوس، جورج،</subfield>
    <subfield code="e">مؤلف. </subfield>
    <subfield code="4">aut.</subfield>
  </datafield>
  <datafield tag="880" ind1="1" ind2="0">
    <subfield code="6">245-02/(3/r</subfield>
    <subfield code="a">يقظة العرب /</subfield>
    <subfield code="c">جورج أنطونيوس ؛ تعريب علي حيدر الركابي.</subfield>
  </datafield>
  <datafield tag="880" ind1=" " ind2="1">
    <subfield code="6">264-03/(3/r</subfield>
    <subfield code="a">دمشق :</subfield>
    <subfield code="b">مطبعة الترقي،</subfield>
    <subfield code="c">1365 [هـ.] = [1946 [م.]</subfield>
  </datafield>
  <datafield tag="880" ind1=" " ind2=" ">
    <subfield code="6">300-04/(3/r</subfield>
    <subfield code="a">463 صفحة، 5 ورقات لوحات غير مرقمة :</subfield>
    <subfield code="b">خرائط مطوية وملونة ؛</subfield>
    <subfield code="c">19 سم</subfield>
  </datafield>
  <datafield tag="880" ind1="1" ind2=" ">
    <subfield code="6">700-05/(3/r</subfield>
    <subfield code="a">الركابي، علي حيدر،</subfield>
    <subfield code="e">مترجم. </subfield>
    <subfield code="4">trl.</subfield>
  </datafield>
  <datafield tag="880" ind1="0" ind2=" ">
    <subfield code="6">765-06/(3/r</subfield>
    <subfield code="i">ترجمة كتاب:</subfield>
    <subfield code="t">Arab awakening : the story of the Arab National movement.</subfield>
    <subfield code="d">New York : J.B. Lippincott, 1939</subfield>
    <subfield code="w">b1176417x</subfield>
    <subfield code="w">(OCoLC)00359649</subfield>
  </datafield>
  <datafield tag="880" ind1="0" ind2=" ">
    <subfield code="6">765-07/(3/r</subfield>
    <subfield code="i">ترجمة كتاب:</subfield>
    <subfield code="t">Arab awakening : the story of the Arab National movement.</subfield>
    <subfield code="d">Beirut : Khayat, [1938]</subfield>
    <subfield code="w">b12185875</subfield>
    <subfield code="w">(OCoLC)318937085</subfield>
  </datafield>
  <datafield tag="880" ind1="0" ind2=" ">
    <subfield code="6">765-08/(3/r</subfield>
    <subfield code="i">ترجمة كتاب:</subfield>
    <subfield code="t">Arab awakening : the story of the Arab National movement.</subfield>
    <subfield code="d">London : Hamish Hamilton, 1938, repr.1945</subfield>
    <subfield code="w">b11978806</subfield>
    <subfield code="w">(OCoLC)07549762</subfield>
  </datafield>
  <datafield tag="880" ind1="0" ind2=" ">
    <subfield code="6">765-09/(3/r</subfield>
    <subfield code="i">ترجمة كتاب:</subfield>
    <subfield code="t">Arab awakening : the story of the Arab National movement.</subfield>
    <subfield code="d">Beirut : Khayat's College Book Cooperative, 1938, repr. 1955</subfield>
    <subfield code="w">b10397644</subfield>
    <subfield code="w">(OCoLC)03945466</subfield>
  </datafield>
  <datafield tag="880" ind1="0" ind2=" ">
    <subfield code="6">775-10/(3/r</subfield>
    <subfield code="t">يقظة العرب : تاريخ حركة العرب القومية.</subfield>
    <subfield code="b">ط. 1</subfield>
    <subfield code="d">بيروت : دار العلم للملايين، 1962</subfield>
    <subfield code="w">(OCoLC)784469433</subfield>
    <subfield code="w">b12702481</subfield>
  </datafield>
  <datafield tag="880" ind1="0" ind2=" ">
    <subfield code="6">775-11/(3/r</subfield>
    <subfield code="t">يقظة العرب : تاريخ حركة العرب القومية</subfield>
    <subfield code="b">الطبعة الثانية</subfield>
    <subfield code="d">بيروت : دار العلم للملايين، 1966</subfield>
    <subfield code="w">b18383580</subfield>
  </datafield>
  <datafield tag="907" ind1=" " ind2=" ">
    <subfield code="a">.b12702493</subfield>
    <subfield code="b">17-08-18</subfield>
    <subfield code="c">11-05-24</subfield>
  </datafield>
  <datafield tag="907" ind1=" " ind2=" ">
    <subfield code="a">.b12702493</subfield>
    <subfield code="b">15-10-15</subfield>
    <subfield code="c">11-05-24</subfield>
  </datafield>
  <datafield tag="945" ind1=" " ind2=" ">
    <subfield code="f">CA</subfield>
    <subfield code="a">956.9:A63aA:1946</subfield>
    <subfield code="i">00504330</subfield>
    <subfield code="j">.i19934439</subfield>
    <subfield code="l">u0304</subfield>
  </datafield>
  <datafield tag="945" ind1=" " ind2=" ">
    <subfield code="f">J</subfield>
    <subfield code="a">956.9:A63aA:1946</subfield>
    <subfield code="i">01056094</subfield>
    <subfield code="j">.i13253712</subfield>
    <subfield code="l">u0503</subfield>
  </datafield>
  <datafield tag="998" ind1=" " ind2=" ">
    <subfield code="a">u03</subfield>
    <subfield code="a">u05</subfield>
    <subfield code="b">97-10-07</subfield>
    <subfield code="c">m</subfield>
    <subfield code="d">a</subfield>
    <subfield code="e">-</subfield>
    <subfield code="f">ara</subfield>
    <subfield code="g">sy </subfield>
    <subfield code="h">0</subfield>
    <subfield code="i">2</subfield>
  </datafield>
</record>
</collection>
